@misc{web,
    author			= {STmicroelectronics},
    title			= {STM32F427xx STM32F429xx datasheet},
    howpublished	= {STmicroelectronics, \url{https://www.st.com/content/st_com/en.html}},
    year			= {2018},
    month			= {Febrero},
    note			= {Accedido en enero de 2024},
    language        = {spanish},
}


@misc{web2,
    author			= {MicroJPM},
    title			= {Componentes},
    howpublished	= {MicroJPM, \url{https://www.microjpm.com/search/?x=11&y=11&text=}},
    year			= {2024},
    month			= {Febrero},
    note			= {Accedido en febrero de 2024},
    language        = {spanish},
}

@misc{l3gd20,
    author			= {STMicroelectronics},
    title			= {MEMS motion sensor: three-axis digital output gyroscope},
    howpublished	= {MicroJPM, \url{https://www.st.com/resource/en/datasheet/a3g4250d.pdf}},
    year			= {2012},
    month			= {Febrero},
    note			= {Accedido en febrero de 2024},
    language        = {spanish},
}